3600 4800
1062 232 1189 301 24
1294 248 1299 252 -
1368 152 2970 307 *NovA'AcTA-‘ERumToRUM

1091 399 1353 464 contra,
1398 377 1445 448 fi
1483 379 1659 449 idem
1699 373 2092 448 craffescen'ti
2143 374 2371 471 phialae
2406 374 2575 469 parti
2619 377 2794 447 intus
2838 376 3075 450 leniter
3108 377 3344 449 admo-

1091 504 1364 563 veatur,
1419 478 1630 552 subito
1674 481 1891 573 rumpi
1931 476 2145 563 soleat.
2253 479 2364 549 Ad
2390 478 2523 549 haec
2554 480 2617 547 in
2657 499 2960 573 tempore
2991 481 3342 573 ruptionis,

1092 584 1664 679 corporibusque,
1710 606 1798 665 εις
1841 605 2125 675 quorum
2166 579 2387 671 illapsu
2433 580 2669 679 lagenae
2721 578 3076 661 diffiliunt,
3125 582 3342 676 aliqua

738 690 890 781 l’ag.
944 703 1039 773 44
1095 690 1368 759 varietas
1402 687 1507 761 est.
1595 688 1801 783 Quod
1842 689 2015 755 euim
2047 687 2182 755 alia:
2217 686 2550 777 protinus⁴
2598 686 2725 753 aliae
2757 686 2914 779 diu„
2964 709 3039 755 ac
3070 687 3175 758 vel
3209 686 3344 755 ho·

674 800 699 811 ’
823 787 958 880 seq·
1094 788 1458 884 rampost,
1515 784 1868 871 dissiliunt,
1917 811 1953 857 a
1996 791 2065 857 vi
2096 790 2419 881 tangentis
2468 786 2872 878 corpusculi,
2917 785 3352 880 tenfioneque

858 914 867 923 ·
1060 884 1283 977 ‘vitri,
1330 914 1638 1011 tanquam
1683 890 1988 984 corporis
2033 890 2308 972 elastici‚
2358 891 2685 982 pendere,
2734 913 2866 960 non
2910 888 3346 983 improbabile

1020 1044 1027 1049 -
1096 995 1208 1077 est,
1239 998 1574 1088 quoniam,
1601 996 1670 1062 in
1699 1015 2107 1101 quocunque
2146 994 2354 1081 vitto,
2400 993 2728 1084 praecipue
2769 993 3013 1075 crude,
3062 1016 3149 1064 ex
3177 1015 3348 1086 qua·

1091 1110 1354 1191 cunque
1383 1090 1617 1167 causa
1597 1118 1769 1167 ortas
1797 1086 2073 1177 fissuras,
2118 1092 2338 1179 sensim
2370 1098 2775 1209 procedere,
2825 1094 3219 1193 diducique,
3263 1118 3343 1169 ac

758 1220 853 1286 4¹1
884 1190 1037 1297 seti-
1093 1202 1334 1273 vitium
1366 1200 1693 1293 denique,
1742 1198 1977 1291 sponte
2016 1200 2255 1291 rumpi,
2288 1221 2420 1265 non
2446 1220 2590 1267 raro
2634 1199 2951 1269 videmus.
3051 1202 3150 1279 Ex
3189 1221 3343 1269 cor-

1094 1303 1369 1398 poribus
1400 1323 1618 1373 autem
1646 1302 1767 1372 alia
1805 1301 2059 1394 semper
2107 1300 2452 1393 subitoque
2482 1297 2745 1371 dissilire
2777 1301 3018 1393 phialas
3047 1298 3300 1372 faciunt
3321 1348 3349 1388 ,

1096 1407 1305 1479 modo
1353 1403 1689 1487 fricando,
1744 1403 1872 1473 vel·
1906 1402 2262 1485 illabendo,
2283 1425 2398 1472 eas
2443 1405 2817 1497 tetigerint,
2868 1402 3051 1491 cuius
3082 1404 3343 1497 generis

1087 1530 1162 1580 ea
1187 1504 1354 1590 sunt,
1402 1528 1547 1599 quae
1576 1503 1862 1578 secandis
1891 1507 2077 1575 vitris
2117 1525 2260 1601 apta
2291 1503 2470 1590 sunt3
2516 1506 2659 1589 alia,
2698 1505 2820 1601 etsi·
2843 1503 3343 1599 ponderosiora,

1089 1629 1305 1683 tamen
1337 1631 1470 1678 non
1505 1606 1678 1700 lapsu
1700 1660 1718 1690 ,
1756 1606 1865 1679 sed
1901 1610 2253 1703 agitatione
2285 1608 2419 1677 huc
2458 1605 2615 1679 illuc
2651 1609 2852 1699 facia,
2886 1609 3134 1701 lagenas
3160 1606 3344 1679 fran-

1087 1732 1291 1807 gunt,
1341 1712 1501 1783 dum
1546 1709 1790 1791 scilicet
1839 1714 1902 1778 in
1947 1709 2276 1794 ejusmodi
2310 1710 2460 1778 vitri
2486 1711 3003 1794 loca¹incidunt‚
3053 1734 3194 1803 quae
3231 1712 3342 1779 in·
3399 1780 3412 1785 -

1092 1835 1197 1886 tus
1227 1836 1418 1898 cava,
1462 1814 1758 1905 aerisque
1806 1808 1985 1904 quafi
2010 1808 2322 1881 bullulam
2365 1811 2810 1893 continentia,
2849 1811 3205 1883 tenuissima
3251 1812 3348 1883 la-

1094 1914 1576 1989 minaobdutia
1607 1912 1788 2003 sunt,
1838 1934 1968 2005 qua
2006 1932 2227 2005 rupta,
2281 1929 2417 1981 tota
2459 1913 2684 2006 lagena
2715 1911 3019 1997 finditur3
3071 1915 3191 1986 alia
3223 1911 3380 1987 de-'

1080 2016 1338 2112 nique,
1398 2036 1473 2087 ut
1522 2038 1750 2086 aurum
1801 2013 2271 2109 plumbum‘ve,
2338 2012 2450 2085 etii
2493 2012 3048 2109 ponderofiffima,
3106 2037 3347 2103 tamen,
3397 2068 3406 2073 -

1097 2138 1374 2214 propter
1422 2118 1768 2190 mollitiem
1810 2119 2412 2211 aequalitatemquc,
2457 2116 2724 2190 diflilire
2749 2120 3020 2212 'lagenas
3063 2122 3178 2191 vix
3219 2144 3347 2191 un-

782 2244 882 2313 49
914 2215 1050 2311 seq·
1088 2244 1293 2317 quam
1340 2219 1607 2293 faciunt.
1707 2222 1815 2291 De
1853 2222 2140 2291 elec‘itica
2189 2243 2353 2291 vero
2410 2221 2694 2305 virtute,
2741 2246 2820 2291 an
2884 2222 2985 2292 his
3029 2224 3348 2317 lagenulis

787 2346 876 2420 52
915 2318 1047 2415 seq·
1098 2323 1280 2410 infit,
1334 2320 1604 2400 nihilse
1636 2325 1930 2394 invenire
1959 2323 2271 2417 potuiss'e,
2327 2322 2695 2393 Bianconius
2736 2324 3000 2396 fatetur.
3095 2326 3203 2396 Ab
3238 2326 3345 2398 his

780 2445 791 2461 ¹
1094 2432 1406 2521 lagenulis
1437 2428 1676 2496 deinde
1701 2427 1782 2494 ad
1817 2425 1899 2495 fic
1929 2426 2124 2494 dicias
2157 2425 2462 2509 BatavaS,
2522 2426 2630 2496 vel
2661 2424 3002 2516 Prussicas‚
3059 2450 3169 2501 aut
3202 2434 3346 2502 Ve-

1030 2595 1041 2600 -
1098 2550 1298 2610 nem,
1332 2528 1709 2624 lachrymas
1730 2527 2179 2620 progreditur,
2209 2534 2289 2597 -&
2330 2547 2640 2621 utrasque
2674 2531 2842 2599 inter
2887 2528 2951 2601 se
2994 2555 3347 2634 comparat,

1080 2654 1247 2704 cum
1294 2631 1545 2700 ratione
1600 2628 1869 2720 parandi
1938 2629 2163 2715 modi·,
2217 2648 2356 2699 tum
2401 2627 2984 2722 phaenomenorum
3029 2658 3346 2728 quoque,

1078 2743 1322 2827 ,parum
1369 2727 1718 2806 dissimiles.
1816 2728 2045 2799 Altera
2093 2728 2285 2814 hujus
2323 2731 2629 2847 Epistolae
2677 2755 2825 2852 para
2863 2736 3342 2829 expolitionem
3427 2725 3438 2734 ⁵

980 2849 991 2858 '
1076 2854 1329 2907 eorum
1369 2833 1952 2928 phoeuomenorum
1983 2834 2316 2913 continet,
2361 2855 2509 2925 quae
2540 2834 2605 2899 in
2640 2836 2860 2905 vitreis
2892 2839 3348 2924 vasculis,her-

710 3025 723 3030 ,
791 2942 884 3031 56
919 2937 1071 3033 seq.
1107 2940 1343 3010 metice
1388 2934 1706 3013 occlusis,
1758 2941 1822 3002 &
1865 2934 2026 3022 ligni
2074 2930 2313 3003 aliusve
2349 2926 2654 3026 corporis
2697 2934 3074 3025 particulam
3126 2942 3347 3009 conti-

978 3081 987 3086 -
1056 3036 1452 3122 uentibuS,
1514 3032 1561 3103 fi
1592 3031 2011 3126 franguntur,
2061 3054 2399 3149 apparent.
2511 3038 2893 3128 Eorumque
2956 3036 3217 3107 videtur
3270 3041 3346 3112 in

1103 3135 1371 3234 parandi
1405 3136 1610 3206 modo
1661 3131 2013 3228 querenda
2058 3137 2227 3206 ratio
2276 3137 2421 3208 effe.
2523 3139 2691 3208 Nam
2727 3135 2875 3208 fuso
2922 3137 3179 3211 vasculo
3226 3138 3352 3214 sta-

1111 3243 1232 3332 tim
1277 3239 1432 3332 ligni
1479 3237 1790 3331 particula
1816 3289 1835 3322 ,
1873 3238 2067 3331 digiti
2118 3240 2377 3310 circiter
2407 3236 2855 3323 crassitudine,
2908 3243 3193 3325 inditur,
3238 3243 3348 3316 id-

722 3397 733 3406 .
1078 3371 1093 3398 -·
1113 3364 1248 3439 que
1280 3341 1582 3436 protinus
1628 3336 1956 3411 occlusum
1993 3339 2074 3412 ab
2107 3342 2685 3434 igneremovetur,
2734 3345 3002 3436 aerique
3052 3346 3346 3418 liberiori

758 3525 769 3534 .
873 3454 993 3532 58·
1109 3447 1495 3543 exponitur.
1594 3446 1667 3513 ln
1725 3465 1867 3537 quo
1928 3440 2068 3536 ipso
2121 3445 2261 3517 duo
2303 3443 2496 3525 sunt,
2547 3465 2723 3538 quat,
2756 3465 2833 3516 ut
2885 3470 3036 3520 cum
3069 3446 3346 3542 strepitu

1109 3571 1348 3642 magno
1376 3546 1701 3632 ejusmodi
1736 3545 1982 3618 vascula
2019 3543 2356 3632 diffiliant,
2404 3543 2716 3616 efficiunt.
2765 3567 2772 3574 “
2802 3548 3023 3622 Altera
3055 3552 3122 3621 in
3154 3543 3346 3646 lig'no

1106 3649 1290 3722 causa
1318 3647 1430 3731 est,
1468 3670 1557 3718 ex
1583 3670 1720 3742 quo
1756 3670 1875 3742 per
1900 3648 2134 3720 caloris
2163 3648 2502 3719 ambientis
2541 3648 2679 3719 vim
2707 3653 2968 3743 cogitur
2994 3676 3104 3723 aer
3129 3656 3343 3742 exire,
3453 3685 3462 3692 ⁵

1100 3753 1246 3848 qui,
1280 3752 1467 3846 quod
1500 3748 1783 3823 clausum
1838 3747 2163 3822 vasculum
2209 3743 2323 3840 est,
2373 3752 2438 3819 in
2480 3772 2563 3820 eo
2605 3749 2941 3825 conclusus
2984 3757 3345 3841 retinetur,

1093 3855 1359 3927 alteram
1416 3852 1619 3972 frigus
1670 3853 1944 3947 prebet,
2012 3853 2122 3923 cui
2182 3853 2481 3972 protinus
2537 3851 2913 3925 vasculum
2908 3859 3340 3958 exponitur,

964 4047 981 4059 ³
1093 3953 1419 4054 quodque
1465 3958 1622 4052 quia
1652 3957 1949 4047 indurat,
2000 3951 2212 4047 subito
2244 3957 2507 4032 vitrum·
2502 4003 2526 4046 ,
2567 3978 2709 4057 quo
2743 3960 2956 4040 minus
2985 3962 3057 4035 id
3090 3961 3346 4034 dilatari

3102 4087 3142 4140 a
3173 4085 3386 4150 con„
3437 4155 3446 4164 .
3579 4053 3588 4062 ’
